<?xml version="1.0" encoding="UTF-8"?>
<record xmlns="http://www.loc.gov/MARC21/slim">
   <leader>02556cam a2200361 a 4500</leader>
   <controlfield tag="001">861135</controlfield>
   <controlfield tag="003">NjP</controlfield>
   <controlfield tag="005">20190705142251.0</controlfield>
   <controlfield tag="008">940131s1897    ua            000 0 ara d</controlfield>
   <datafield tag="024" ind1="7" ind2=" ">
      <subfield code="a">princeton_aco004615</subfield>
      <subfield code="2">local</subfield>
   </datafield>
   <datafield ind1=" " ind2=" " tag="035">
      <subfield code="a">(CStRLIN)NJPG94-B5362</subfield>
   </datafield>
   <datafield ind1=" " ind2=" " tag="035">
      <subfield code="9">CAY1208TS</subfield>
   </datafield>
   <datafield ind1=" " ind2=" " tag="035">
      <subfield code="a">(NjP)861135</subfield>
   </datafield>
   <datafield ind1=" " ind2=" " tag="040">
      <subfield code="a">NjP</subfield>
      <subfield code="c">PUL</subfield>
      <subfield code="d">PUL</subfield>
   </datafield>
   <datafield ind1=" " ind2=" " tag="049">
      <subfield code="a">PULL</subfield>
   </datafield>
   <datafield ind1=" " ind2=" " tag="035">
      <subfield code="a">(OCoLC)ocm81476400</subfield>
   </datafield>
   <datafield ind1="1" ind2=" " tag="100">
      <subfield code="6">880-01</subfield>
      <subfield code="a">Rāfiʻī, ʻAbd al-Qādir ibn ʻAbd al-Laṭīf,</subfield>
      <subfield code="d">d. 1814 or 15.</subfield>
      <subfield code="0">http://id.loc.gov/authorities/names/nr94017378</subfield>
   </datafield>
   <datafield ind1="1" ind2="0" tag="240">
      <subfield code="6">880-02</subfield>
      <subfield code="a">Iḥyāʼ al-qulūb sharḥ ʻUmdat al-wāṣilīn wa-kaʻbat al-sālikīn yanbūʻ</subfield>
   </datafield>
   <datafield ind1="1" ind2="0" tag="245">
      <subfield code="6">880-03</subfield>
      <subfield code="a">Kitāb iḥyāʼ al-qulūb sharḥ al-imām al-ʻārif billāh taʻālah ʻUmdat al-wāṣilīn wa-kaʻbat al-sālikīn yanbūʻ ʻilm al-ḥaqīqah wa-al-dīn mawlānā al-Shaykh ʻAbd al-Qādir al-Rāfiʻī al-Fārūqī al-Ṭarābulusī ʻalá ḥukum shaykhihi waliya Allāh ṣāḥib al-karāmāt al-ḍhāhirah wa-al-ishārāt al-bāhirah Sayyidī Maḥmūd al-Khallūtī.</subfield>
   </datafield>
   <datafield ind1=" " ind2=" " tag="260">
      <subfield code="6">880-04</subfield>
      <subfield code="a">[Egypt] :</subfield>
      <subfield code="b">al-Maṭbaʻah al-ʻIlmīyah,</subfield>
      <subfield code="c">1315 [1897 or 1898]</subfield>
   </datafield>
   <datafield ind1=" " ind2=" " tag="300">
      <subfield code="a">216 p. ;</subfield>
      <subfield code="c">20 cm.</subfield>
   </datafield>
   <datafield ind1=" " ind2="0" tag="650">
      <subfield code="a">Sufism.</subfield>
      <subfield code="0">http://id.loc.gov/authorities/subjects/sh85129660</subfield>
   </datafield>
   <datafield ind1="0" ind2=" " tag="740">
      <subfield code="6">880-05</subfield>
      <subfield code="a">Iḥyāʼ al-qulūb sharḥ al-imām al-ʻĀrif billāh ʻumdat al-wāṣīlīn wa-kaʻbat al-sālikīn ...</subfield>
   </datafield>
   <datafield ind1="1" ind2=" " tag="880">
      <subfield code="6">100-01/r</subfield>
      <subfield code="a">رافعي، عبد القادر بن عبد اللطيف،</subfield>
      <subfield code="d">d. 1814 or 15.</subfield>
   </datafield>
   <datafield ind1="1" ind2="0" tag="880">
      <subfield code="6">240-02/r</subfield>
      <subfield code="a">احياء القلوب شرح عمدة الواصلين وكعبة السالكين ينبوع</subfield>
   </datafield>
   <datafield ind1="1" ind2="0" tag="880">
      <subfield code="6">245-03/r</subfield>
      <subfield code="a">كتاب احياء القلوب شرح الامام العارف بالله تعالة عمدة الواصلين وكعبة السالكين ينبوع علم الحقيقة والدين مولانا الشيخ عبد القادر الرافعي الفاروقي الطرابلسي على حكم شيخه ولي الله صاحب الكرامات الضهاهرة والاشارات الباهرة سيدي محمود الخلوتي.</subfield>
   </datafield>
   <datafield ind1=" " ind2=" " tag="880">
      <subfield code="6">260-04/r</subfield>
      <subfield code="a">[مصر] :</subfield>
      <subfield code="b">المطبعة العلمية،</subfield>
      <subfield code="c">1315 [1897 or 1898]</subfield>
   </datafield>
   <datafield ind1="0" ind2=" " tag="880">
      <subfield code="6">740-05/r</subfield>
      <subfield code="a">احياء القلوب شرح الامام العارف بالله عمدة الواصيلين وكعبة السالكين ...</subfield>
   </datafield>
   <datafield ind1="4" ind2=" " tag="856">
      <subfield code="u">http://hdl.handle.net/2027/njp.32101064066325</subfield>
   </datafield>
   <datafield ind1=" " ind2=" " tag="998">
      <subfield code="a">03/11/94</subfield>
      <subfield code="s">9114</subfield>
      <subfield code="n">NjP</subfield>
      <subfield code="w">NJPG94B5362</subfield>
      <subfield code="d">01/31/94</subfield>
      <subfield code="c">NHD</subfield>
      <subfield code="b">JAB</subfield>
      <subfield code="i">940311</subfield>
      <subfield code="l">NJPG</subfield>
   </datafield>
   <datafield ind1=" " ind2=" " tag="911">
      <subfield code="a">19940317</subfield>
   </datafield>
   <datafield ind1=" " ind2=" " tag="912">
      <subfield code="a">19990122041337.0</subfield>
   </datafield>
   <datafield ind1=" " ind2=" " tag="994">
      <subfield code="a">C0</subfield>
      <subfield code="b">PUL</subfield>
   </datafield>
   <datafield ind1=" " ind2=" " tag="999">
      <subfield code="a">861135</subfield>
   </datafield>
   <datafield ind1=" " ind2=" " tag="979">
      <subfield code="a">(OCoLC)ocn176351129</subfield>
   </datafield>
   <datafield ind1="8" ind2="0" tag="852">
      <subfield code="0">981783</subfield>
      <subfield code="b">rcppa</subfield>
      <subfield code="t">1</subfield>
      <subfield code="h">2274.198.352 1897</subfield>
      <subfield code="x">tr fr anxa</subfield>
   </datafield>
   <datafield ind1="8" ind2=" " tag="852">
      <subfield code="0">8684892</subfield>
      <subfield code="b">elf1</subfield>
      <subfield code="h">Electronic Resource</subfield>
   </datafield>
   <datafield ind1=" " ind2=" " tag="959">
      <subfield code="a">2000-06-08 00:00:00 -0500</subfield>
   </datafield>
</record>
